@article{DBLP:journals/corr/abs-1906-01688,
  author    = {Haim Dubossarsky and
               Simon Hengchen and
               Nina Tahmasebi and
               Dominik Schlechtweg},
  title     = {Time-Out: Temporal Referencing for Robust Modeling of Lexical Semantic
               Change},
  journal   = {CoRR},
  volume    = {abs/1906.01688},
  year      = {2019},
  url       = {http://arxiv.org/abs/1906.01688},
  archivePrefix = {arXiv},
  eprint    = {1906.01688},
  timestamp = {Thu, 13 Jun 2019 13:36:00 +0200},
  biburl    = {https://dblp.org/rec/journals/corr/abs-1906-01688.bib},
  bibsource = {dblp computer science bibliography, https://dblp.org}
}

