@article{DBLP:journals/corr/abs-1906-02979,
  author    = {Dominik Schlechtweg and
               Anna H{\"{a}}tty and
               Marco Del Tredici and
               Sabine Schulte im Walde},
  title     = {A Wind of Change: Detecting and Evaluating Lexical Semantic Change
               across Times and Domains},
  journal   = {CoRR},
  volume    = {abs/1906.02979},
  year      = {2019},
  url       = {http://arxiv.org/abs/1906.02979},
  archivePrefix = {arXiv},
  eprint    = {1906.02979},
  timestamp = {Fri, 14 Jun 2019 09:38:24 +0200},
  biburl    = {https://dblp.org/rec/journals/corr/abs-1906-02979.bib},
  bibsource = {dblp computer science bibliography, https://dblp.org}
}

