@article{DBLP:journals/corr/abs-1804-06517,
  author    = {Dominik Schlechtweg and
               Sabine Schulte im Walde and
               Stefanie Eckmann},
  title     = {Diachronic Usage Relatedness (DURel): {A} Framework for the Annotation
               of Lexical Semantic Change},
  journal   = {CoRR},
  volume    = {abs/1804.06517},
  year      = {2018},
  url       = {http://arxiv.org/abs/1804.06517},
  archivePrefix = {arXiv},
  eprint    = {1804.06517},
  timestamp = {Mon, 13 Aug 2018 16:48:34 +0200},
  biburl    = {https://dblp.org/rec/journals/corr/abs-1804-06517.bib},
  bibsource = {dblp computer science bibliography, https://dblp.org}
}

