@misc{kaiser2021effects,
      title={Effects of Pre- and Post-Processing on type-based Embeddings in Lexical Semantic Change Detection}, 
      author={Jens Kaiser and Sinan Kurtyigit and Serge Kotchourko and Dominik Schlechtweg},
      year={2021},
      eprint={2101.09368},
      archivePrefix={arXiv},
      primaryClass={cs.CL}
}
				    }
