@misc{schlechtweg2020semeval2020,
	title={SemEval-2020 Task 1: Unsupervised Lexical Semantic Change Detection}, 
	author={Dominik Schlechtweg and Barbara McGillivray and Simon Hengchen and Haim Dubossarsky and Nina Tahmasebi},
	year={2020},
	eprint={2007.11464},
	archivePrefix={arXiv},
	primaryClass={cs.CL}
}
