@inproceedings{yarowsky1995unsupervised,
  title={Unsupervised word sense disambiguation rivaling supervised methods},
  author={Yarowsky, David},
  booktitle={33rd annual meeting of the association for computational linguistics},
  pages={189--196},
  year={1995}
}
@incollection{leaman2008banner,
  title={BANNER: an executable survey of advances in biomedical named entity recognition},
  author={Leaman, Robert and Gonzalez, Graciela},
  booktitle={Biocomputing 2008},
  pages={652--663},
  year={2008},
  publisher={World Scientific}
}
@article{bort2020discovery,
  title={Discovery of Novel Chemical Reactions by Deep Generative Recurrent Neural Network},
  author={Bort, William and Baskin, Igor I and Sidorov, Pavel and Marcou, Gilles and Horvath, Dragos and Madzhidov, Timur and Varnek, Alexandre and Gimadiev, Timur and Nugmanov, Ramil and Mukanov, Artem},
  year={2020},
  publisher={ChemRxiv}
}